@inproceedings{ronneberger2015unet,
  title={U-net: Convolutional networks for biomedical image segmentation},
  author={Ronneberger, Olaf and Fischer, Philipp and Brox, Thomas},
  booktitle={International Conference on Medical image computing and computer-assisted intervention},
  pages={234--241},
  year={2015},
  organization={Springer}
}

@book{latex2e,
  author = {Leslie Lamport},
  year = {1994},
  title = {{\LaTeX}: a Document Preparation System},
  publisher = {Addison Wesley},
  address = {Massachusetts},
  edition = {2}
}

@article{smith2020deep,
  title={Deep Learning for Image Classification},
  author={Smith, John and Doe, Jane},
  journal={IEEE Transactions on Neural Networks and Learning Systems},
  volume={31},
  number={5},
  pages={1234--1245},
  year={2020},
  publisher={IEEE},
  note={doi: \url{10.1109/TNNLS.2020.2971234}}
}

